@inproceedings{nifti2004,
author = {Cox, R.W. and Ashburner, John and Breman, Hester and Fissell, 
Kate and Haselgrove, C. and Holmes, C.J. and Lancaster, J.L. and Rex, D.E. 
and Smith, S.M. and Woodward, J.B. and Strother, Stephen},
year = {2004},
month = {01},
pages = {},
title = {A (sort of) new image data format standard: NiFTI-1},
volume = {22},
journal = {10th Annual Meeting of the Organization for Human Brain 
Mapping}
}

@techreport{kahn1956,
  author    = {Kahn, H.},
  title     = {Applications of Monte Carlo},
  year      = {1956},
  number    = {AEC-3259},
  institution = {The Rand Corporation},
}


@article{sechopoulos_monte_2015,
	title = {Monte {Carlo} reference data sets for imaging research: {Executive} summary of the report of {AAPM} {Research} {Committee} {Task} {Group} 195},
	volume = {42},
	issn = {0094-2405, 2473-4209},
	shorttitle = {Monte {Carlo} reference data sets for imaging research},
	url = {https://onlinelibrary.wiley.com/doi/10.1118/1.4928676},
	doi = {10.1118/1.4928676},
	language = {en},
	number = {10},
	urldate = {2023-08-02},
	journal = {Medical Physics},
	author = {Sechopoulos, Ioannis and Ali, Elsayed S. M. and Badal, Andreu and Badano, Aldo and Boone, John M. and Kyprianou, Iacovos S. and Mainegra‐Hing, Ernesto and McMillan, Kyle L. and McNitt‐Gray, Michael F. and Rogers, D. W. O. and Samei, Ehsan and Turner, Adam C.},
	month = oct,
	year = {2015},
	pages = {5679--5691},
	file = {Sechopoulos et al. - 2015 - Monte Carlo reference data sets for imaging resear.pdf:files/101/Sechopoulos et al. - 2015 - Monte Carlo reference data sets for imaging resear.pdf:application/pdf},
}

@inproceedings{penelope-2018_2019,
	title = {{PENELOPE}-2018: {A} {Code} {System} for {Monte} {Carlo} {Simulation} of {Electron} and {Photon} {Transport}, {Workshop} {Proceedings}, {Barcelona}, {Spain}, 28 {January}-1 {February} 2019},
	language = {en},
  author = {Salvat, Francesc},
	year = {2019},
	file = {2019 - PENELOPE-2018 A Code System for Monte Carlo Simul.pdf:files/108/2019 - PENELOPE-2018 A Code System for Monte Carlo Simul.pdf:application/pdf},
}

@book{vassiliev_monte_2017,
	address = {Cham},
	series = {Biological and {Medical} {Physics}, {Biomedical} {Engineering}},
	title = {Monte {Carlo} {Methods} for {Radiation} {Transport}},
	isbn = {978-3-319-44140-5 978-3-319-44141-2},
	url = {http://link.springer.com/10.1007/978-3-319-44141-2},
	language = {en},
	urldate = {2023-05-28},
	publisher = {Springer International Publishing},
	author = {Vassiliev, Oleg N.},
	year = {2017},
	doi = {10.1007/978-3-319-44141-2},
	file = {Vassiliev - 2017 - Monte Carlo Methods for Radiation Transport.pdf:files/109/Vassiliev - 2017 - Monte Carlo Methods for Radiation Transport.pdf:application/pdf},
}

@misc{hubbell_x-ray_2004,
	title = {X-{Ray} {Mass} {Attenuation} {Coefficients}},
	doi = {10.18434/T4D01F},
	author = {Hubbell, J. H. and Seltzer, S. M.},
	year = {2004},
}

@incollection{HUSSEIN2007153,
title = {CHAPTER THREE - CROSS SECTIONS},
editor = {Esam M.A. Hussein},
booktitle = {Radiation Mechanics},
publisher = {Elsevier Science Ltd},
address = {Oxford},
pages = {153-245},
year = {2007},
isbn = {978-0-08-045053-7},
doi = {https://doi.org/10.1016/B978-008045053-7/50004-5},
url = {https://www.sciencedirect.com/science/article/pii/B9780080450537500045},
author = {Esam M.A. Hussein}
}

@article{cullen_survey_nodate,
	title = {A {Survey} of {Photon} {Cross} {Section} {Data} for use in {EPICS2017}},
	language = {en},
	year = {2017},
	month = nov,
	author = {Cullen, Dermott E},
	file = {Cullen - A Survey of Photon Cross Section Data for use in E.pdf:files/205/Cullen - A Survey of Photon Cross Section Data for use in E.pdf:application/pdf},
}

@misc{brett_nipynibabel_2023,
	title = {nipy/nibabel: 5.1.0},
	publisher = {Zenodo},
	author = {Brett, Matthew and Markiewicz, Christopher J. and Hanke, Michael and Côté, Marc-Alexandre and Cipollini, Ben and McCarthy, Paul and Jarecka, Dorota and Cheng, Christopher P. and Halchenko, Yaroslav O. and Cottaar, Michiel and Larson, Eric and Ghosh, Satrajit and Wassermann, Demian and Gerhard, Stephan and Lee, Gregory R. and Baratz, Zvi and Wang, Hao-Ting and Kastman, Erik and Kaczmarzyk, Jakub and Guidotti, Roberto and Daniel, Jonathan and Duek, Or and Rokem, Ariel and Madison, Cindee and Papadopoulos Orfanos, Dimitri and Sólon, Anibal and Moloney, Brendan and Morency, Félix C. and Goncalves, Mathias and Markello, Ross and Riddell, Cameron and Burns, Christopher and Millman, Jarrod and Gramfort, Alexandre and Leppäkangas, Jaakko and van den Bosch, Jasper J.F. and Vincent, Robert D. and Braun, Henry and Subramaniam, Krish and Van, Andrew and Gorgolewski, Krzysztof J. and Raamana, Pradeep Reddy and Klug, Julian and Nichols, B. Nolan and Baker, Eric M. and Hayashi, Soichi and Pinsard, Basile and Haselgrove, Christian and Hymers, Mark and Esteban, Oscar and Koudoro, Serge and Pérez-García, Fernando and Dockès, Jérôme and Oosterhof, Nikolaas N. and Amirbekian, Bago and Christian, Horea and Nimmo-Smith, Ian and Nguyen, Ly and Reddigari, Samir and St-Jean, Samuel and Panfilov, Egor and Garyfallidis, Eleftherios and Varoquaux, Gael and Legarreta, Jon Haitz and Hahn, Kevin S. and Waller, Lea and Hinds, Oliver P. and Fauber, Bennet and Perez, Fabian and Roberts, Jacob and Poline, Jean-Baptiste and Stutters, Jon and Jordan, Kesshi and Cieslak, Matthew and Moreno, Miguel Estevan and Hrnčiar, Tomáš and Haenel, Valentin and Schwartz, Yannick and Darwin, Benjamin C and Thirion, Bertrand and Gauthier, Carl and Solovey, Igor and Gonzalez, Ivan and Palasubramaniam, Jath and Lecher, Justin and Leinweber, Katrin and Raktivan, Konstantinos and Calábková, Markéta and Fischer, Peter and Gervais, Philippe and Gadde, Syam and Ballinger, Thomas and Roos, Thomas and Reddam, Venkateswara Reddy and {freec84}},
	month = apr,
	year = {2023},
}

@misc{mendeleev2021,
  title={mendeleev - A Python package with properties of chemical elements, ions, isotopes and methods to manipulate and visualize periodic table.},
  author = {Mentel, Łukasz},
  year = {2021},
  month = mar,
  url = {https://github.com/lmmentel/mendeleev},
  doi = {10.5281/zenodo.5233824}
}

@misc{periodictable2022,
  title={periodictable - A Python library for periodic table of the elements},
  author={Kienzle, Paul},
  year={2022},
  month=may,
  url={https://github.com/pkienzle/periodictable}
}

@misc{sqlite2020hipp, 
  title={{SQLite}},
  url={https://www.sqlite.org/index.html},
  version={3.31.1},
  year={2020},
  author={Hipp, Richard D}
}

